%YAML 1.1
%TAG !u! tag:unity3d.com,2011:
--- !u!1 &172490
GameObject:
  m_ObjectHideFlags: 0
  m_PrefabParentObject: {fileID: 0}
  m_PrefabInternal: {fileID: 100100000}
  serializedVersion: 5
  m_Component:
  - component: {fileID: 434084}
  - component: {fileID: 2053558}
  - component: {fileID: 9215044}
  - component: {fileID: 12419056}
  - component: {fileID: 8151144}
  - component: {fileID: 114522673766194594}
  - component: {fileID: 114201372236990876}
  - component: {fileID: 114678096568693472}
  m_Layer: 0
  m_Name: CameraForUI
  m_TagString: MainCamera
  m_Icon: {fileID: 0}
  m_NavMeshLayer: 0
  m_StaticEditorFlags: 0
  m_IsActive: 1
--- !u!4 &434084
Transform:
  m_ObjectHideFlags: 1
  m_PrefabParentObject: {fileID: 0}
  m_PrefabInternal: {fileID: 100100000}
  m_GameObject: {fileID: 172490}
  m_LocalRotation: {x: 0, y: 0, z: 0, w: 1}
  m_LocalPosition: {x: 0, y: 1, z: -10}
  m_LocalScale: {x: 1, y: 1, z: 1}
  m_Children: []
  m_Father: {fileID: 0}
  m_RootOrder: 0
  m_LocalEulerAnglesHint: {x: 0, y: 0, z: 0}
--- !u!20 &2053558
Camera:
  m_ObjectHideFlags: 1
  m_PrefabParentObject: {fileID: 0}
  m_PrefabInternal: {fileID: 100100000}
  m_GameObject: {fileID: 172490}
  m_Enabled: 1
  serializedVersion: 2
  m_ClearFlags: 2
  m_BackGroundColor: {r: 0.12941177, g: 0.14901961, b: 0.14901961, a: 1}
  m_NormalizedViewPortRect:
    serializedVersion: 2
    x: 0
    y: 0
    width: 1
    height: 1
  near clip plane: 0.3
  far clip plane: 1000
  field of view: 38
  orthographic: 0
  orthographic size: 5
  m_Depth: -1
  m_CullingMask:
    serializedVersion: 2
    m_Bits: 4294967295
  m_RenderingPath: -1
  m_TargetTexture: {fileID: 0}
  m_TargetDisplay: 0
  m_TargetEye: 3
  m_HDR: 0
  m_OcclusionCulling: 1
  m_StereoConvergence: 10
  m_StereoSeparation: 0.022
  m_StereoMirrorMode: 0
--- !u!81 &8151144
AudioListener:
  m_ObjectHideFlags: 1
  m_PrefabParentObject: {fileID: 0}
  m_PrefabInternal: {fileID: 100100000}
  m_GameObject: {fileID: 172490}
  m_Enabled: 1
--- !u!92 &9215044
Behaviour:
  m_ObjectHideFlags: 1
  m_PrefabParentObject: {fileID: 0}
  m_PrefabInternal: {fileID: 100100000}
  m_GameObject: {fileID: 172490}
  m_Enabled: 1
--- !u!124 &12419056
Behaviour:
  m_ObjectHideFlags: 1
  m_PrefabParentObject: {fileID: 0}
  m_PrefabInternal: {fileID: 100100000}
  m_GameObject: {fileID: 172490}
  m_Enabled: 1
--- !u!1001 &100100000
Prefab:
  m_ObjectHideFlags: 1
  serializedVersion: 2
  m_Modification:
    m_TransformParent: {fileID: 0}
    m_Modifications: []
    m_RemovedComponents: []
  m_ParentPrefab: {fileID: 0}
  m_RootGameObject: {fileID: 172490}
  m_IsPrefabParent: 1
--- !u!114 &114201372236990876
MonoBehaviour:
  m_ObjectHideFlags: 1
  m_PrefabParentObject: {fileID: 0}
  m_PrefabInternal: {fileID: 100100000}
  m_GameObject: {fileID: 172490}
  m_Enabled: 0
  m_EditorHideFlags: 0
  m_Script: {fileID: 11500000, guid: 1fd999d1b2cf94a45a5b0a47ce074bef, type: 3}
  m_Name: 
  m_EditorClassIdentifier: 
  redChannel:
    serializedVersion: 2
    m_Curve:
    - serializedVersion: 2
      time: 0
      value: 0
      inSlope: 1
      outSlope: 1
      tangentMode: 34
    - serializedVersion: 2
      time: 1
      value: 1
      inSlope: 1
      outSlope: 1
      tangentMode: 34
    m_PreInfinity: 2
    m_PostInfinity: 2
    m_RotationOrder: 0
  greenChannel:
    serializedVersion: 2
    m_Curve:
    - serializedVersion: 2
      time: 0
      value: 0
      inSlope: 1
      outSlope: 1
      tangentMode: 34
    - serializedVersion: 2
      time: 1
      value: 1
      inSlope: 1
      outSlope: 1
      tangentMode: 34
    m_PreInfinity: 2
    m_PostInfinity: 2
    m_RotationOrder: 0
  blueChannel:
    serializedVersion: 2
    m_Curve:
    - serializedVersion: 2
      time: 0
      value: 0
      inSlope: 1
      outSlope: 1
      tangentMode: 34
    - serializedVersion: 2
      time: 1
      value: 1
      inSlope: 1
      outSlope: 1
      tangentMode: 34
    m_PreInfinity: 2
    m_PostInfinity: 2
    m_RotationOrder: 0
  useDepthCorrection: 0
  zCurve:
    serializedVersion: 2
    m_Curve:
    - serializedVersion: 2
      time: 0
      value: 0
      inSlope: 0
      outSlope: 0
      tangentMode: 0
    - serializedVersion: 2
      time: 1
      value: 1
      inSlope: 0
      outSlope: 0
      tangentMode: 0
    m_PreInfinity: 2
    m_PostInfinity: 2
    m_RotationOrder: 4
  depthRedChannel:
    serializedVersion: 2
    m_Curve:
    - serializedVersion: 2
      time: 0
      value: 0
      inSlope: 0
      outSlope: 0
      tangentMode: 0
    - serializedVersion: 2
      time: 1
      value: 1
      inSlope: 0
      outSlope: 0
      tangentMode: 0
    m_PreInfinity: 2
    m_PostInfinity: 2
    m_RotationOrder: 4
  depthGreenChannel:
    serializedVersion: 2
    m_Curve:
    - serializedVersion: 2
      time: 0
      value: 0
      inSlope: 0
      outSlope: 0
      tangentMode: 0
    - serializedVersion: 2
      time: 1
      value: 1
      inSlope: 0
      outSlope: 0
      tangentMode: 0
    m_PreInfinity: 2
    m_PostInfinity: 2
    m_RotationOrder: 4
  depthBlueChannel:
    serializedVersion: 2
    m_Curve:
    - serializedVersion: 2
      time: 0
      value: 0
      inSlope: 0
      outSlope: 0
      tangentMode: 0
    - serializedVersion: 2
      time: 1
      value: 1
      inSlope: 0
      outSlope: 0
      tangentMode: 0
    m_PreInfinity: 2
    m_PostInfinity: 2
    m_RotationOrder: 4
  saturation: 0.5
  selectiveCc: 0
  selectiveFromColor: {r: 1, g: 1, b: 1, a: 1}
  selectiveToColor: {r: 1, g: 1, b: 1, a: 1}
  mode: 0
  updateTextures: 1
  colorCorrectionCurvesShader: {fileID: 4800000, guid: 62bcade1028c24ca1a39760ed84b9487,
    type: 3}
  simpleColorCorrectionCurvesShader: {fileID: 4800000, guid: 438ddd58d82c84d9eb1fdc56111702e1,
    type: 3}
  colorCorrectionSelectiveShader: {fileID: 4800000, guid: e515e0f94cefc4c0db54b45cba621544,
    type: 3}
--- !u!114 &114522673766194594
MonoBehaviour:
  m_ObjectHideFlags: 1
  m_PrefabParentObject: {fileID: 0}
  m_PrefabInternal: {fileID: 100100000}
  m_GameObject: {fileID: 172490}
  m_Enabled: 0
  m_EditorHideFlags: 0
  m_Script: {fileID: 11500000, guid: 7fc6bde01469c7b4badee5362f191d96, type: 3}
  m_Name: 
  m_EditorClassIdentifier: 
  downsample: 2
  blurSize: 3
  blurIterations: 1
  blurType: 0
  blurShader: {fileID: 4800000, guid: f9d5fa183cd6b45eeb1491f74863cd91, type: 3}
--- !u!114 &114678096568693472
MonoBehaviour:
  m_ObjectHideFlags: 1
  m_PrefabParentObject: {fileID: 0}
  m_PrefabInternal: {fileID: 100100000}
  m_GameObject: {fileID: 172490}
  m_Enabled: 1
  m_EditorHideFlags: 0
  m_Script: {fileID: 11500000, guid: f987dba10e3154458b94bb20ec687d04, type: 3}
  m_Name: 
  m_EditorClassIdentifier: 
  BlurComponent: {fileID: 114522673766194594}
  ColorCorrect: {fileID: 114201372236990876}
