%YAML 1.1
%TAG !u! tag:unity3d.com,2011:
--- !u!1 &118462
GameObject:
  m_ObjectHideFlags: 0
  m_PrefabParentObject: {fileID: 0}
  m_PrefabInternal: {fileID: 100100000}
  serializedVersion: 5
  m_Component:
  - component: {fileID: 447256}
  - component: {fileID: 11493000}
  - component: {fileID: 11492058}
  m_Layer: 0
  m_Name: NovaAudio
  m_TagString: Untagged
  m_Icon: {fileID: 0}
  m_NavMeshLayer: 0
  m_StaticEditorFlags: 0
  m_IsActive: 1
--- !u!4 &447256
Transform:
  m_ObjectHideFlags: 1
  m_PrefabParentObject: {fileID: 0}
  m_PrefabInternal: {fileID: 100100000}
  m_GameObject: {fileID: 118462}
  m_LocalRotation: {x: 0, y: 0, z: 0, w: 1}
  m_LocalPosition: {x: 0, y: 0, z: 0}
  m_LocalScale: {x: 1, y: 1, z: 1}
  m_Children: []
  m_Father: {fileID: 0}
  m_RootOrder: 0
  m_LocalEulerAnglesHint: {x: 0, y: 0, z: 0}
--- !u!114 &11492058
MonoBehaviour:
  m_ObjectHideFlags: 1
  m_PrefabParentObject: {fileID: 0}
  m_PrefabInternal: {fileID: 100100000}
  m_GameObject: {fileID: 118462}
  m_Enabled: 1
  m_EditorHideFlags: 0
  m_Script: {fileID: 11500000, guid: 09d6bc289fdb34755967ceab2d5b7576, type: 3}
  m_Name: 
  m_EditorClassIdentifier: 
  AudioToPlay:
    AudioGroupID: de8222e6-f25b-4309-b3c2-a66b5a4af5b6
  NovaAudio: {fileID: 11493000}
--- !u!114 &11493000
MonoBehaviour:
  m_ObjectHideFlags: 1
  m_PrefabParentObject: {fileID: 0}
  m_PrefabInternal: {fileID: 100100000}
  m_GameObject: {fileID: 118462}
  m_Enabled: 1
  m_EditorHideFlags: 0
  m_Script: {fileID: 11500000, guid: 9c0d0f74a0ab94104980278f7939cfd9, type: 3}
  m_Name: 
  m_EditorClassIdentifier: 
  AudioMixer: {fileID: 24100000, guid: 26d317f8e0cc4aa43bb86a35924586cf, type: 2}
  AudioGroups:
  - ID: 26d890e8-441e-4391-9b66-10a6a40f7143
    Label: button_click
    AudioMixerGroup: {fileID: 24322792, guid: 26d317f8e0cc4aa43bb86a35924586cf, type: 2}
    AudioItems:
    - Label: button_3
      AudioSource: {fileID: 0}
      Weight: 1
      AssetPath: Assets/sounds/UI/button_3.wav
      IsLooping: 0
      Volume: 1
      AudioGroupID: 26d890e8-441e-4391-9b66-10a6a40f7143
    Instances: 1
    IsLooping: 0
    IsPreloaded: 1
    PlayType: 0
    Crossfader: {fileID: 0}
    CrossfadeDuration: 0.5
  - ID: f53d8b6b-701b-48f8-92a4-0fb7bf978db2
    Label: button_select
    AudioMixerGroup: {fileID: 24322792, guid: 26d317f8e0cc4aa43bb86a35924586cf, type: 2}
    AudioItems:
    - Label: button_4
      AudioSource: {fileID: 0}
      Weight: 1
      AssetPath: Assets/sounds/UI/button_4.wav
      IsLooping: 0
      Volume: 1
      AudioGroupID: f53d8b6b-701b-48f8-92a4-0fb7bf978db2
    Instances: 1
    IsLooping: 0
    IsPreloaded: 1
    PlayType: 0
    Crossfader: {fileID: 0}
    CrossfadeDuration: 0.5
  - ID: 93862092-b41e-4913-8410-408a50136b9c
    Label: card_attack
    AudioMixerGroup: {fileID: 24322792, guid: 26d317f8e0cc4aa43bb86a35924586cf, type: 2}
    AudioItems:
    - Label: card_attack_1_v2
      AudioSource: {fileID: 0}
      Weight: 1
      AssetPath: Assets/sounds/UI/card_attack_1_v2.wav
      IsLooping: 0
      Volume: 0.6
      AudioGroupID: 93862092-b41e-4913-8410-408a50136b9c
    - Label: card_attack_2_v2
      AudioSource: {fileID: 0}
      Weight: 1
      AssetPath: Assets/sounds/UI/card_attack_2_v2.wav
      IsLooping: 0
      Volume: 0.6
      AudioGroupID: 93862092-b41e-4913-8410-408a50136b9c
    - Label: card_attack_3_v2
      AudioSource: {fileID: 0}
      Weight: 1
      AssetPath: Assets/sounds/UI/card_attack_3_v2.wav
      IsLooping: 0
      Volume: 0.6
      AudioGroupID: 93862092-b41e-4913-8410-408a50136b9c
    - Label: card_attack_4_v2
      AudioSource: {fileID: 0}
      Weight: 1
      AssetPath: Assets/sounds/UI/card_attack_4_v2.wav
      IsLooping: 0
      Volume: 0.6
      AudioGroupID: 93862092-b41e-4913-8410-408a50136b9c
    - Label: card_attack_5_v2
      AudioSource: {fileID: 0}
      Weight: 1
      AssetPath: Assets/sounds/UI/card_attack_5_v2.wav
      IsLooping: 0
      Volume: 0.6
      AudioGroupID: 93862092-b41e-4913-8410-408a50136b9c
    - Label: card_attack_6_v2
      AudioSource: {fileID: 0}
      Weight: 1
      AssetPath: Assets/sounds/UI/card_attack_6_v2.wav
      IsLooping: 0
      Volume: 0.6
      AudioGroupID: 93862092-b41e-4913-8410-408a50136b9c
    - Label: card_attack_7_v2
      AudioSource: {fileID: 0}
      Weight: 1
      AssetPath: Assets/sounds/UI/card_attack_7_v2.wav
      IsLooping: 0
      Volume: 0.6
      AudioGroupID: 93862092-b41e-4913-8410-408a50136b9c
    Instances: 1
    IsLooping: 0
    IsPreloaded: 1
    PlayType: 2
    Crossfader: {fileID: 0}
    CrossfadeDuration: 0.5
  - ID: 697f6e8d-655f-4903-b071-cdff00f2278d
    Label: card_attack_impact
    AudioMixerGroup: {fileID: 24322792, guid: 26d317f8e0cc4aa43bb86a35924586cf, type: 2}
    AudioItems:
    - Label: card_attack_impact_1_v3
      AudioSource: {fileID: 0}
      Weight: 1
      AssetPath: assets/sounds/ui/card_attack_impact_1_v3.wav
      IsLooping: 0
      Volume: 0.6
      AudioGroupID: 697f6e8d-655f-4903-b071-cdff00f2278d
    - Label: card_attack_impact_2_v3
      AudioSource: {fileID: 0}
      Weight: 1
      AssetPath: assets/sounds/ui/card_attack_impact_2_v3.wav
      IsLooping: 0
      Volume: 0.6
      AudioGroupID: 697f6e8d-655f-4903-b071-cdff00f2278d
    - Label: card_attack_impact_3_v3
      AudioSource: {fileID: 0}
      Weight: 1
      AssetPath: assets/sounds/ui/card_attack_impact_3_v3.wav
      IsLooping: 0
      Volume: 0.6
      AudioGroupID: 697f6e8d-655f-4903-b071-cdff00f2278d
    - Label: card_attack_impact_4_v3
      AudioSource: {fileID: 0}
      Weight: 1
      AssetPath: assets/sounds/ui/card_attack_impact_4_v3.wav
      IsLooping: 0
      Volume: 0.6
      AudioGroupID: 697f6e8d-655f-4903-b071-cdff00f2278d
    - Label: card_attack_impact_5_v3
      AudioSource: {fileID: 0}
      Weight: 1
      AssetPath: assets/sounds/ui/card_attack_impact_5_v3.wav
      IsLooping: 0
      Volume: 0.6
      AudioGroupID: 697f6e8d-655f-4903-b071-cdff00f2278d
    - Label: card_attack_impact_6_v3
      AudioSource: {fileID: 0}
      Weight: 1
      AssetPath: assets/sounds/ui/card_attack_impact_6_v3.wav
      IsLooping: 0
      Volume: 0.6
      AudioGroupID: 697f6e8d-655f-4903-b071-cdff00f2278d
    - Label: card_attack_impact_7_v3
      AudioSource: {fileID: 0}
      Weight: 1
      AssetPath: assets/sounds/ui/card_attack_impact_7_v3.wav
      IsLooping: 0
      Volume: 0.6
      AudioGroupID: 697f6e8d-655f-4903-b071-cdff00f2278d
    - Label: card_attack_impact_8_v3
      AudioSource: {fileID: 0}
      Weight: 1
      AssetPath: assets/sounds/ui/card_attack_impact_8_v3.wav
      IsLooping: 0
      Volume: 0.6
      AudioGroupID: 697f6e8d-655f-4903-b071-cdff00f2278d
    Instances: 1
    IsLooping: 0
    IsPreloaded: 0
    PlayType: 2
    Crossfader: {fileID: 0}
    CrossfadeDuration: 0.5
  - ID: 894852e7-de5d-4efb-a36d-eecbfd2880ab
    Label: card_declare_attack
    AudioMixerGroup: {fileID: 24322792, guid: 26d317f8e0cc4aa43bb86a35924586cf, type: 2}
    AudioItems:
    - Label: card_declare_attack_1
      AudioSource: {fileID: 0}
      Weight: 1
      AssetPath: Assets/sounds/UI/card_declare_attack_1.wav
      IsLooping: 0
      Volume: 0.7
      AudioGroupID: 894852e7-de5d-4efb-a36d-eecbfd2880ab
    Instances: 1
    IsLooping: 0
    IsPreloaded: 1
    PlayType: 0
    Crossfader: {fileID: 0}
    CrossfadeDuration: 0.5
  - ID: c5d529dc-3784-40c1-b573-4d66ee3da853
    Label: card_declare_block
    AudioMixerGroup: {fileID: 24322792, guid: 26d317f8e0cc4aa43bb86a35924586cf, type: 2}
    AudioItems:
    - Label: card_declare_attack_1
      AudioSource: {fileID: 0}
      Weight: 1
      AssetPath: assets/sounds/ui/card_declare_attack_1.wav
      IsLooping: 0
      Volume: 0.7
      AudioGroupID: c5d529dc-3784-40c1-b573-4d66ee3da853
    Instances: 1
    IsLooping: 0
    IsPreloaded: 1
    PlayType: 0
    Crossfader: {fileID: 0}
    CrossfadeDuration: 0.5
  - ID: f1a1e37d-c94d-490f-a8f7-abf4e45c2d57
    Label: card_draw
    AudioMixerGroup: {fileID: 24322792, guid: 26d317f8e0cc4aa43bb86a35924586cf, type: 2}
    AudioItems:
    - Label: card_draw_1
      AudioSource: {fileID: 0}
      Weight: 1
      AssetPath: Assets/sounds/UI/card_draw_1.wav
      IsLooping: 0
      Volume: 0.6
      AudioGroupID: f1a1e37d-c94d-490f-a8f7-abf4e45c2d57
    - Label: card_draw_2
      AudioSource: {fileID: 0}
      Weight: 1
      AssetPath: Assets/sounds/UI/card_draw_2.wav
      IsLooping: 0
      Volume: 0.6
      AudioGroupID: f1a1e37d-c94d-490f-a8f7-abf4e45c2d57
    - Label: card_draw_3
      AudioSource: {fileID: 0}
      Weight: 1
      AssetPath: Assets/sounds/UI/card_draw_3.wav
      IsLooping: 0
      Volume: 0.6
      AudioGroupID: f1a1e37d-c94d-490f-a8f7-abf4e45c2d57
    - Label: card_draw_4
      AudioSource: {fileID: 0}
      Weight: 1
      AssetPath: Assets/sounds/UI/card_draw_4.wav
      IsLooping: 0
      Volume: 0.6
      AudioGroupID: f1a1e37d-c94d-490f-a8f7-abf4e45c2d57
    - Label: card_draw_5
      AudioSource: {fileID: 0}
      Weight: 1
      AssetPath: Assets/sounds/UI/card_draw_5.wav
      IsLooping: 0
      Volume: 0.6
      AudioGroupID: f1a1e37d-c94d-490f-a8f7-abf4e45c2d57
    - Label: card_draw_6
      AudioSource: {fileID: 0}
      Weight: 1
      AssetPath: Assets/sounds/UI/card_draw_6.wav
      IsLooping: 0
      Volume: 0.6
      AudioGroupID: f1a1e37d-c94d-490f-a8f7-abf4e45c2d57
    - Label: card_draw_7
      AudioSource: {fileID: 0}
      Weight: 1
      AssetPath: Assets/sounds/UI/card_draw_7.wav
      IsLooping: 0
      Volume: 0.6
      AudioGroupID: f1a1e37d-c94d-490f-a8f7-abf4e45c2d57
    Instances: 1
    IsLooping: 0
    IsPreloaded: 1
    PlayType: 2
    Crossfader: {fileID: 0}
    CrossfadeDuration: 0.5
  - ID: b24bfc76-5bcb-4e12-8b0e-f3b821610f3f
    Label: card_play
    AudioMixerGroup: {fileID: 24322792, guid: 26d317f8e0cc4aa43bb86a35924586cf, type: 2}
    AudioItems:
    - Label: card_play_1_v3
      AudioSource: {fileID: 0}
      Weight: 1
      AssetPath: Assets/sounds/UI/card_play_1_v3.wav
      IsLooping: 0
      Volume: 0.8
      AudioGroupID: b24bfc76-5bcb-4e12-8b0e-f3b821610f3f
    - Label: card_play_2_v3
      AudioSource: {fileID: 0}
      Weight: 1
      AssetPath: Assets/sounds/UI/card_play_2_v3.wav
      IsLooping: 0
      Volume: 0.8
      AudioGroupID: b24bfc76-5bcb-4e12-8b0e-f3b821610f3f
    - Label: card_play_3_v3
      AudioSource: {fileID: 0}
      Weight: 1
      AssetPath: Assets/sounds/UI/card_play_3_v3.wav
      IsLooping: 0
      Volume: 0.8
      AudioGroupID: b24bfc76-5bcb-4e12-8b0e-f3b821610f3f
    - Label: card_play_4_v3
      AudioSource: {fileID: 0}
      Weight: 1
      AssetPath: Assets/sounds/UI/card_play_4_v3.wav
      IsLooping: 0
      Volume: 0.8
      AudioGroupID: b24bfc76-5bcb-4e12-8b0e-f3b821610f3f
    - Label: card_play_5_v3
      AudioSource: {fileID: 0}
      Weight: 1
      AssetPath: Assets/sounds/UI/card_play_5_v3.wav
      IsLooping: 0
      Volume: 0.8
      AudioGroupID: b24bfc76-5bcb-4e12-8b0e-f3b821610f3f
    - Label: card_play_6_v3
      AudioSource: {fileID: 0}
      Weight: 1
      AssetPath: Assets/sounds/UI/card_play_6_v3.wav
      IsLooping: 0
      Volume: 0.8
      AudioGroupID: b24bfc76-5bcb-4e12-8b0e-f3b821610f3f
    - Label: card_play_7_v3
      AudioSource: {fileID: 0}
      Weight: 1
      AssetPath: Assets/sounds/UI/card_play_7_v3.wav
      IsLooping: 0
      Volume: 0.8
      AudioGroupID: b24bfc76-5bcb-4e12-8b0e-f3b821610f3f
    - Label: card_play_8_v3
      AudioSource: {fileID: 0}
      Weight: 1
      AssetPath: Assets/sounds/UI/card_play_8_v3.wav
      IsLooping: 0
      Volume: 0.8
      AudioGroupID: b24bfc76-5bcb-4e12-8b0e-f3b821610f3f
    Instances: 1
    IsLooping: 0
    IsPreloaded: 1
    PlayType: 2
    Crossfader: {fileID: 0}
    CrossfadeDuration: 0.5
  - ID: 0a35692a-6f44-4b42-a992-8558ad3e64d8
    Label: combat_mode
    AudioMixerGroup: {fileID: 24322792, guid: 26d317f8e0cc4aa43bb86a35924586cf, type: 2}
    AudioItems:
    - Label: combat_mode
      AudioSource: {fileID: 0}
      Weight: 1
      AssetPath: assets/sounds/vfx/combat_mode.wav
      IsLooping: 0
      Volume: 1
      AudioGroupID: 0a35692a-6f44-4b42-a992-8558ad3e64d8
    Instances: 1
    IsLooping: 0
    IsPreloaded: 0
    PlayType: 0
    Crossfader: {fileID: 0}
    CrossfadeDuration: 0.5
  - ID: eb88fecf-4db1-45fa-a625-ff223080d85b
    Label: new_game
    AudioMixerGroup: {fileID: 24322792, guid: 26d317f8e0cc4aa43bb86a35924586cf, type: 2}
    AudioItems:
    - Label: new_game
      AudioSource: {fileID: 0}
      Weight: 1
      AssetPath: Assets/sounds/UI/new_game.wav
      IsLooping: 0
      Volume: 1
      AudioGroupID: eb88fecf-4db1-45fa-a625-ff223080d85b
    Instances: 1
    IsLooping: 0
    IsPreloaded: 1
    PlayType: 0
    Crossfader: {fileID: 0}
    CrossfadeDuration: 0.5
  - ID: de8222e6-f25b-4309-b3c2-a66b5a4af5b6
    Label: music_menu
    AudioMixerGroup: {fileID: 24337366, guid: 050f2254da0914990af3583b759a1766, type: 2}
    AudioItems:
    - Label: music_menu_loop_long
      AudioSource: {fileID: 0}
      Weight: 1
      AssetPath: assets/sounds/music/music_menu_loop_long.wav
      IsLooping: 0
      Volume: 1
      AudioGroupID: de8222e6-f25b-4309-b3c2-a66b5a4af5b6
    Instances: 1
    IsLooping: 1
    IsPreloaded: 1
    PlayType: 0
    Crossfader: {fileID: 0}
    CrossfadeDuration: 1
  - ID: d85ccc3c-b796-48d5-a629-d2f058f9e644
    Label: music_theme
    AudioMixerGroup: {fileID: 24371252, guid: 050f2254da0914990af3583b759a1766, type: 2}
    AudioItems: []
    Instances: 1
    IsLooping: 1
    IsPreloaded: 0
    PlayType: 2
    Crossfader: {fileID: 0}
    CrossfadeDuration: 1
  - ID: 29742a04-ba0a-4bc8-98b0-3fea4498f71d
    Label: fx_arcaneburst_black
    AudioMixerGroup: {fileID: 24309012, guid: 26d317f8e0cc4aa43bb86a35924586cf, type: 2}
    AudioItems:
    - Label: fx_arcaneburst_black
      AudioSource: {fileID: 0}
      Weight: 1
      AssetPath: assets/sounds/vfx/fx_arcaneburst_black.wav
      IsLooping: 0
      Volume: 1
      AudioGroupID: 29742a04-ba0a-4bc8-98b0-3fea4498f71d
    Instances: 1
    IsLooping: 0
    IsPreloaded: 0
    PlayType: 0
    Crossfader: {fileID: 0}
    CrossfadeDuration: 0.5
  - ID: ae469fe5-d8dc-459e-8c70-7ed4d3689bbd
    Label: fx_arcaneburst_purple v3
    AudioMixerGroup: {fileID: 24309012, guid: 26d317f8e0cc4aa43bb86a35924586cf, type: 2}
    AudioItems:
    - Label: fx_arcaneburst_purple v3
      AudioSource: {fileID: 0}
      Weight: 1
      AssetPath: Assets/sounds/VFX/fx_arcaneburst_purple v3.wav
      IsLooping: 0
      Volume: 1
      AudioGroupID: ae469fe5-d8dc-459e-8c70-7ed4d3689bbd
    Instances: 1
    IsLooping: 0
    IsPreloaded: 0
    PlayType: 0
    Crossfader: {fileID: 0}
    CrossfadeDuration: 0.5
  - ID: 28ab4bcb-ba16-4740-818d-77504f87c4af
    Label: fx_arcanesymbol_black v2
    AudioMixerGroup: {fileID: 24309012, guid: 26d317f8e0cc4aa43bb86a35924586cf, type: 2}
    AudioItems:
    - Label: fx_arcanesymbol_black v2
      AudioSource: {fileID: 0}
      Weight: 1
      AssetPath: Assets/sounds/VFX/fx_arcanesymbol_black v2.wav
      IsLooping: 0
      Volume: 0.7
      AudioGroupID: 28ab4bcb-ba16-4740-818d-77504f87c4af
    Instances: 1
    IsLooping: 0
    IsPreloaded: 0
    PlayType: 0
    Crossfader: {fileID: 0}
    CrossfadeDuration: 0.5
  - ID: 7172821b-d828-4771-bb26-10d25fdf8641
    Label: fx_arcanesymbol_blue v2
    AudioMixerGroup: {fileID: 24309012, guid: 26d317f8e0cc4aa43bb86a35924586cf, type: 2}
    AudioItems:
    - Label: fx_arcanesymbol_blue v2
      AudioSource: {fileID: 0}
      Weight: 1
      AssetPath: Assets/sounds/VFX/fx_arcanesymbol_blue v2.wav
      IsLooping: 0
      Volume: 1
      AudioGroupID: 7172821b-d828-4771-bb26-10d25fdf8641
    Instances: 1
    IsLooping: 0
    IsPreloaded: 0
    PlayType: 0
    Crossfader: {fileID: 0}
    CrossfadeDuration: 0.5
  - ID: 28ac23eb-fe15-4f7f-aa70-da1bb01d3916
    Label: fx_arcanesymbol_green v2
    AudioMixerGroup: {fileID: 24309012, guid: 26d317f8e0cc4aa43bb86a35924586cf, type: 2}
    AudioItems:
    - Label: fx_arcanesymbol_green v2
      AudioSource: {fileID: 0}
      Weight: 1
      AssetPath: Assets/sounds/VFX/fx_arcanesymbol_green v2.wav
      IsLooping: 0
      Volume: 1
      AudioGroupID: 28ac23eb-fe15-4f7f-aa70-da1bb01d3916
    Instances: 1
    IsLooping: 0
    IsPreloaded: 0
    PlayType: 0
    Crossfader: {fileID: 0}
    CrossfadeDuration: 0.5
  - ID: 1e121788-9a15-4ec5-8af8-810c77f88f48
    Label: fx_arcanesymbol_purple v2
    AudioMixerGroup: {fileID: 24309012, guid: 26d317f8e0cc4aa43bb86a35924586cf, type: 2}
    AudioItems:
    - Label: fx_arcanesymbol_purple v2
      AudioSource: {fileID: 0}
      Weight: 1
      AssetPath: assets/sounds/vfx/fx_arcanesymbol_purple v2.wav
      IsLooping: 0
      Volume: 1
      AudioGroupID: 1e121788-9a15-4ec5-8af8-810c77f88f48
    Instances: 1
    IsLooping: 0
    IsPreloaded: 0
    PlayType: 0
    Crossfader: {fileID: 0}
    CrossfadeDuration: 0.5
  - ID: f572a1ab-1adf-43e2-8199-a11c33fec26a
    Label: fx_bulletholes
    AudioMixerGroup: {fileID: 24322792, guid: 26d317f8e0cc4aa43bb86a35924586cf, type: 2}
    AudioItems:
    - Label: fx_bulletholes
      AudioSource: {fileID: 0}
      Weight: 1
      AssetPath: assets/sounds/vfx/fx_bulletholes.wav
      IsLooping: 0
      Volume: 1
      AudioGroupID: f572a1ab-1adf-43e2-8199-a11c33fec26a
    Instances: 1
    IsLooping: 0
    IsPreloaded: 0
    PlayType: 0
    Crossfader: {fileID: 0}
    CrossfadeDuration: 0.5
  - ID: 129eda5c-5dd9-4b3a-9b06-a21487a96c6c
    Label: fx_card_glow_green_v2
    AudioMixerGroup: {fileID: 24322792, guid: 26d317f8e0cc4aa43bb86a35924586cf, type: 2}
    AudioItems:
    - Label: fx_card_glow_green_v2
      AudioSource: {fileID: 0}
      Weight: 1
      AssetPath: assets/sounds/vfx/fx_card_glow_green_v2.wav
      IsLooping: 0
      Volume: 1
      AudioGroupID: 129eda5c-5dd9-4b3a-9b06-a21487a96c6c
    Instances: 1
    IsLooping: 0
    IsPreloaded: 0
    PlayType: 0
    Crossfader: {fileID: 0}
    CrossfadeDuration: 0.5
  - ID: 3a0c1e1a-2784-4519-bf4f-f3215bd97e91
    Label: fx_cardbanish
    AudioMixerGroup: {fileID: 24309012, guid: 26d317f8e0cc4aa43bb86a35924586cf, type: 2}
    AudioItems:
    - Label: fx_cardbanish
      AudioSource: {fileID: 0}
      Weight: 1
      AssetPath: Assets/sounds/VFX/fx_cardbanish.wav
      IsLooping: 0
      Volume: 1
      AudioGroupID: 3a0c1e1a-2784-4519-bf4f-f3215bd97e91
    Instances: 1
    IsLooping: 0
    IsPreloaded: 0
    PlayType: 0
    Crossfader: {fileID: 0}
    CrossfadeDuration: 0.5
  - ID: bb90a1f5-335e-4a1f-b84b-74c279bf5ca4
    Label: fx_cardcrumble
    AudioMixerGroup: {fileID: 24309012, guid: 26d317f8e0cc4aa43bb86a35924586cf, type: 2}
    AudioItems:
    - Label: fx_cardcrumble
      AudioSource: {fileID: 0}
      Weight: 1
      AssetPath: Assets/sounds/VFX/fx_cardcrumble.wav
      IsLooping: 0
      Volume: 1
      AudioGroupID: bb90a1f5-335e-4a1f-b84b-74c279bf5ca4
    Instances: 1
    IsLooping: 0
    IsPreloaded: 0
    PlayType: 0
    Crossfader: {fileID: 0}
    CrossfadeDuration: 0.5
  - ID: aee79645-bfcd-489a-b44a-ec0e6a5bfece
    Label: fx_cardexplode
    AudioMixerGroup: {fileID: 24309012, guid: 26d317f8e0cc4aa43bb86a35924586cf, type: 2}
    AudioItems:
    - Label: fx_cardexplode
      AudioSource: {fileID: 0}
      Weight: 1
      AssetPath: Assets/sounds/VFX/fx_cardexplode.wav
      IsLooping: 0
      Volume: 1
      AudioGroupID: aee79645-bfcd-489a-b44a-ec0e6a5bfece
    Instances: 1
    IsLooping: 0
    IsPreloaded: 0
    PlayType: 0
    Crossfader: {fileID: 0}
    CrossfadeDuration: 0.5
  - ID: f416ec6f-7da8-45b9-beaa-5fecf23ec779
    Label: fx_chaingrasp_blue
    AudioMixerGroup: {fileID: 24309012, guid: 26d317f8e0cc4aa43bb86a35924586cf, type: 2}
    AudioItems:
    - Label: fx_chaingrasp_blue
      AudioSource: {fileID: 0}
      Weight: 1
      AssetPath: Assets/sounds/VFX/fx_chaingrasp_blue.wav
      IsLooping: 0
      Volume: 1
      AudioGroupID: f416ec6f-7da8-45b9-beaa-5fecf23ec779
    Instances: 1
    IsLooping: 0
    IsPreloaded: 0
    PlayType: 0
    Crossfader: {fileID: 0}
    CrossfadeDuration: 0.5
  - ID: f34f48ab-08b4-4b44-943c-d853612bf2ab
    Label: fx_circlingstars_stun
    AudioMixerGroup: {fileID: 24322792, guid: 26d317f8e0cc4aa43bb86a35924586cf, type: 2}
    AudioItems:
    - Label: fx_circlingstars_stun
      AudioSource: {fileID: 0}
      Weight: 1
      AssetPath: assets/sounds/vfx/fx_circlingstars_stun.wav
      IsLooping: 0
      Volume: 1
      AudioGroupID: f34f48ab-08b4-4b44-943c-d853612bf2ab
    Instances: 1
    IsLooping: 0
    IsPreloaded: 0
    PlayType: 0
    Crossfader: {fileID: 0}
    CrossfadeDuration: 0.5
  - ID: 6c60117e-d742-4ddf-8bbc-64085c62dd94
    Label: fx_damage_icon_v2
    AudioMixerGroup: {fileID: 24322792, guid: 26d317f8e0cc4aa43bb86a35924586cf, type: 2}
    AudioItems:
    - Label: fx_damage_icon_v2
      AudioSource: {fileID: 0}
      Weight: 1
      AssetPath: assets/sounds/vfx/fx_damage_icon_v2.wav
      IsLooping: 0
      Volume: 1
      AudioGroupID: 6c60117e-d742-4ddf-8bbc-64085c62dd94
    Instances: 1
    IsLooping: 0
    IsPreloaded: 0
    PlayType: 0
    Crossfader: {fileID: 0}
    CrossfadeDuration: 0.5
  - ID: 106d974b-a61e-4478-ad0a-63ca901f3010
    Label: fx_dust_landing
    AudioMixerGroup: {fileID: 24309012, guid: 26d317f8e0cc4aa43bb86a35924586cf, type: 2}
    AudioItems:
    - Label: fx_dust_landing
      AudioSource: {fileID: 0}
      Weight: 1
      AssetPath: Assets/sounds/VFX/fx_dust_landing.wav
      IsLooping: 0
      Volume: 1
      AudioGroupID: 106d974b-a61e-4478-ad0a-63ca901f3010
    Instances: 1
    IsLooping: 0
    IsPreloaded: 0
    PlayType: 0
    Crossfader: {fileID: 0}
    CrossfadeDuration: 0.5
  - ID: 790bd7a9-870a-4eb3-8ff3-dc1fed89c168
    Label: fx_dustfight
    AudioMixerGroup: {fileID: 24309012, guid: 26d317f8e0cc4aa43bb86a35924586cf, type: 2}
    AudioItems:
    - Label: fx_dustfight
      AudioSource: {fileID: 0}
      Weight: 1
      AssetPath: Assets/sounds/VFX/fx_dustfight.wav
      IsLooping: 0
      Volume: 1
      AudioGroupID: 790bd7a9-870a-4eb3-8ff3-dc1fed89c168
    Instances: 1
    IsLooping: 0
    IsPreloaded: 0
    PlayType: 0
    Crossfader: {fileID: 0}
    CrossfadeDuration: 0.5
  - ID: 0628fad2-d026-47b1-beac-0c29de667ef0
    Label: fx_explosion_l
    AudioMixerGroup: {fileID: 24309012, guid: 26d317f8e0cc4aa43bb86a35924586cf, type: 2}
    AudioItems:
    - Label: fx_explosion_l
      AudioSource: {fileID: 0}
      Weight: 1
      AssetPath: Assets/sounds/VFX/fx_explosion_l.wav
      IsLooping: 0
      Volume: 1
      AudioGroupID: 0628fad2-d026-47b1-beac-0c29de667ef0
    Instances: 1
    IsLooping: 0
    IsPreloaded: 0
    PlayType: 0
    Crossfader: {fileID: 0}
    CrossfadeDuration: 0.5
  - ID: 76403760-f4ca-4064-b1b8-06d9fcaf2d31
    Label: fx_explosion_m
    AudioMixerGroup: {fileID: 24322792, guid: 26d317f8e0cc4aa43bb86a35924586cf, type: 2}
    AudioItems:
    - Label: fx_explosion_m
      AudioSource: {fileID: 0}
      Weight: 1
      AssetPath: assets/sounds/vfx/fx_explosion_m.wav
      IsLooping: 0
      Volume: 1
      AudioGroupID: 76403760-f4ca-4064-b1b8-06d9fcaf2d31
    Instances: 1
    IsLooping: 0
    IsPreloaded: 0
    PlayType: 0
    Crossfader: {fileID: 0}
    CrossfadeDuration: 0.5
  - ID: 12bde44e-d14a-49fa-82a2-b153259d231b
    Label: fx_explosion_s
    AudioMixerGroup: {fileID: 24309012, guid: 26d317f8e0cc4aa43bb86a35924586cf, type: 2}
    AudioItems:
    - Label: fx_explosion_s
      AudioSource: {fileID: 0}
      Weight: 1
      AssetPath: Assets/sounds/VFX/fx_explosion_s.wav
      IsLooping: 0
      Volume: 1
      AudioGroupID: 12bde44e-d14a-49fa-82a2-b153259d231b
    Instances: 1
    IsLooping: 0
    IsPreloaded: 0
    PlayType: 0
    Crossfader: {fileID: 0}
    CrossfadeDuration: 0.5
  - ID: 0cad3663-b012-4149-8c22-ba02a09e1c6f
    Label: fx_fireexplode
    AudioMixerGroup: {fileID: 24309012, guid: 26d317f8e0cc4aa43bb86a35924586cf, type: 2}
    AudioItems:
    - Label: fx_fireexplode
      AudioSource: {fileID: 0}
      Weight: 1
      AssetPath: Assets/sounds/VFX/fx_fireexplode.wav
      IsLooping: 0
      Volume: 1
      AudioGroupID: 0cad3663-b012-4149-8c22-ba02a09e1c6f
    Instances: 1
    IsLooping: 0
    IsPreloaded: 0
    PlayType: 0
    Crossfader: {fileID: 0}
    CrossfadeDuration: 0.5
  - ID: d0836de7-eea2-4a4e-abe9-a28dc3f021cb
    Label: fx_firestorm
    AudioMixerGroup: {fileID: 24309012, guid: 26d317f8e0cc4aa43bb86a35924586cf, type: 2}
    AudioItems:
    - Label: fx_firestorm
      AudioSource: {fileID: 0}
      Weight: 1
      AssetPath: Assets/sounds/VFX/fx_firestorm.wav
      IsLooping: 0
      Volume: 1
      AudioGroupID: d0836de7-eea2-4a4e-abe9-a28dc3f021cb
    Instances: 1
    IsLooping: 0
    IsPreloaded: 0
    PlayType: 0
    Crossfader: {fileID: 0}
    CrossfadeDuration: 0.5
  - ID: 15c9afef-5816-4e2b-8ed1-ec0c0f2a5ac7
    Label: fx_fireworks
    AudioMixerGroup: {fileID: 24309012, guid: 26d317f8e0cc4aa43bb86a35924586cf, type: 2}
    AudioItems:
    - Label: fx_fireworks
      AudioSource: {fileID: 0}
      Weight: 1
      AssetPath: Assets/sounds/VFX/fx_fireworks.wav
      IsLooping: 0
      Volume: 1
      AudioGroupID: 15c9afef-5816-4e2b-8ed1-ec0c0f2a5ac7
    Instances: 1
    IsLooping: 1
    IsPreloaded: 0
    PlayType: 0
    Crossfader: {fileID: 0}
    CrossfadeDuration: 0.5
  - ID: e6278a3c-5ccf-48a6-a5a8-fb4433d92162
    Label: fx_flowerenergy
    AudioMixerGroup: {fileID: 24309012, guid: 26d317f8e0cc4aa43bb86a35924586cf, type: 2}
    AudioItems:
    - Label: fx_flowerenergy
      AudioSource: {fileID: 0}
      Weight: 1
      AssetPath: Assets/sounds/VFX/fx_flowerenergy.wav
      IsLooping: 0
      Volume: 1
      AudioGroupID: e6278a3c-5ccf-48a6-a5a8-fb4433d92162
    Instances: 1
    IsLooping: 0
    IsPreloaded: 0
    PlayType: 0
    Crossfader: {fileID: 0}
    CrossfadeDuration: 0.5
  - ID: 1cd414cd-b0a3-43ee-a917-54fa992093b3
    Label: fx_glowenergy_blue
    AudioMixerGroup: {fileID: 24322792, guid: 26d317f8e0cc4aa43bb86a35924586cf, type: 2}
    AudioItems:
    - Label: fx_glowenergy_blue
      AudioSource: {fileID: 0}
      Weight: 1
      AssetPath: assets/sounds/vfx/fx_glowenergy_blue.wav
      IsLooping: 0
      Volume: 1
      AudioGroupID: 1cd414cd-b0a3-43ee-a917-54fa992093b3
    Instances: 1
    IsLooping: 0
    IsPreloaded: 0
    PlayType: 0
    Crossfader: {fileID: 0}
    CrossfadeDuration: 0.5
  - ID: 4e01a5f1-a88f-45eb-939d-d56f75a330cd
    Label: fx_glowenergy_green
    AudioMixerGroup: {fileID: 24322792, guid: 26d317f8e0cc4aa43bb86a35924586cf, type: 2}
    AudioItems:
    - Label: fx_glowenergy_green
      AudioSource: {fileID: 0}
      Weight: 1
      AssetPath: assets/sounds/vfx/fx_glowenergy_green.wav
      IsLooping: 0
      Volume: 1
      AudioGroupID: 4e01a5f1-a88f-45eb-939d-d56f75a330cd
    Instances: 1
    IsLooping: 0
    IsPreloaded: 0
    PlayType: 0
    Crossfader: {fileID: 0}
    CrossfadeDuration: 0.5
  - ID: 853ce9e9-395c-4fd9-baa3-822c03870889
    Label: fx_glowhealth_green
    AudioMixerGroup: {fileID: 24322792, guid: 26d317f8e0cc4aa43bb86a35924586cf, type: 2}
    AudioItems:
    - Label: fx_glowhealth_green
      AudioSource: {fileID: 0}
      Weight: 1
      AssetPath: assets/sounds/vfx/fx_glowhealth_green.wav
      IsLooping: 0
      Volume: 1
      AudioGroupID: 853ce9e9-395c-4fd9-baa3-822c03870889
    Instances: 1
    IsLooping: 0
    IsPreloaded: 0
    PlayType: 0
    Crossfader: {fileID: 0}
    CrossfadeDuration: 0.5
  - ID: cb47bc95-73c5-460c-b40b-ed4724082718
    Label: fx_greensparkle
    AudioMixerGroup: {fileID: 24322792, guid: 26d317f8e0cc4aa43bb86a35924586cf, type: 2}
    AudioItems:
    - Label: fx_greensparkle
      AudioSource: {fileID: 0}
      Weight: 1
      AssetPath: assets/sounds/vfx/fx_greensparkle.wav
      IsLooping: 0
      Volume: 1
      AudioGroupID: cb47bc95-73c5-460c-b40b-ed4724082718
    Instances: 1
    IsLooping: 0
    IsPreloaded: 0
    PlayType: 0
    Crossfader: {fileID: 0}
    CrossfadeDuration: 0.5
  - ID: 2188651b-db18-438a-846b-bf000adc8ca9
    Label: fx_greensparkle_regen_card
    AudioMixerGroup: {fileID: 24322792, guid: 26d317f8e0cc4aa43bb86a35924586cf, type: 2}
    AudioItems:
    - Label: fx_greensparkle_regen_card
      AudioSource: {fileID: 0}
      Weight: 1
      AssetPath: assets/sounds/vfx/fx_greensparkle_regen_card.wav
      IsLooping: 0
      Volume: 1
      AudioGroupID: 2188651b-db18-438a-846b-bf000adc8ca9
    Instances: 1
    IsLooping: 0
    IsPreloaded: 0
    PlayType: 0
    Crossfader: {fileID: 0}
    CrossfadeDuration: 0.5
  - ID: 40d9062e-ddc1-4658-b20b-99cbf6f0cf0d
    Label: fx_growth
    AudioMixerGroup: {fileID: 24322792, guid: 26d317f8e0cc4aa43bb86a35924586cf, type: 2}
    AudioItems:
    - Label: fx_growth
      AudioSource: {fileID: 0}
      Weight: 1
      AssetPath: assets/sounds/vfx/fx_growth.wav
      IsLooping: 0
      Volume: 1
      AudioGroupID: 40d9062e-ddc1-4658-b20b-99cbf6f0cf0d
    Instances: 1
    IsLooping: 0
    IsPreloaded: 0
    PlayType: 0
    Crossfader: {fileID: 0}
    CrossfadeDuration: 0.5
  - ID: 6a276a5a-6069-4d4c-82c9-a0ec9ccba002
    Label: fx_helixburst
    AudioMixerGroup: {fileID: 24309012, guid: 26d317f8e0cc4aa43bb86a35924586cf, type: 2}
    AudioItems:
    - Label: fx_helixburst
      AudioSource: {fileID: 0}
      Weight: 1
      AssetPath: Assets/sounds/VFX/fx_helixburst.wav
      IsLooping: 0
      Volume: 1
      AudioGroupID: 6a276a5a-6069-4d4c-82c9-a0ec9ccba002
    Instances: 1
    IsLooping: 0
    IsPreloaded: 0
    PlayType: 0
    Crossfader: {fileID: 0}
    CrossfadeDuration: 0.5
  - ID: 89efb3ac-cd7b-4bbd-9210-7701c9ae9175
    Label: fx_hellfiregrasp
    AudioMixerGroup: {fileID: 24309012, guid: 26d317f8e0cc4aa43bb86a35924586cf, type: 2}
    AudioItems:
    - Label: fx_hellfiregrasp
      AudioSource: {fileID: 0}
      Weight: 1
      AssetPath: Assets/sounds/VFX/fx_hellfiregrasp.wav
      IsLooping: 0
      Volume: 1
      AudioGroupID: 89efb3ac-cd7b-4bbd-9210-7701c9ae9175
    Instances: 1
    IsLooping: 0
    IsPreloaded: 0
    PlayType: 0
    Crossfader: {fileID: 0}
    CrossfadeDuration: 0.5
  - ID: 77ba468d-4005-42eb-b020-6f12b3dee740
    Label: fx_hellfirestorm
    AudioMixerGroup: {fileID: 24309012, guid: 26d317f8e0cc4aa43bb86a35924586cf, type: 2}
    AudioItems:
    - Label: fx_hellfirestorm
      AudioSource: {fileID: 0}
      Weight: 1
      AssetPath: Assets/sounds/VFX/fx_hellfirestorm.wav
      IsLooping: 0
      Volume: 1
      AudioGroupID: 77ba468d-4005-42eb-b020-6f12b3dee740
    Instances: 1
    IsLooping: 0
    IsPreloaded: 0
    PlayType: 0
    Crossfader: {fileID: 0}
    CrossfadeDuration: 0.5
  - ID: 25149b82-87b1-4e7a-b1be-10c0bc2d4ac4
    Label: fx_holylightburst
    AudioMixerGroup: {fileID: 24309012, guid: 26d317f8e0cc4aa43bb86a35924586cf, type: 2}
    AudioItems:
    - Label: fx_holylightburst
      AudioSource: {fileID: 0}
      Weight: 1
      AssetPath: Assets/sounds/VFX/fx_holylightburst.wav
      IsLooping: 0
      Volume: 1
      AudioGroupID: 25149b82-87b1-4e7a-b1be-10c0bc2d4ac4
    Instances: 1
    IsLooping: 0
    IsPreloaded: 0
    PlayType: 0
    Crossfader: {fileID: 0}
    CrossfadeDuration: 0.5
  - ID: ef7b731d-30ea-4ba7-b908-dd7667970bc3
    Label: fx_holysymbol_banish
    AudioMixerGroup: {fileID: 24309012, guid: 26d317f8e0cc4aa43bb86a35924586cf, type: 2}
    AudioItems:
    - Label: fx_holysymbol_banish
      AudioSource: {fileID: 0}
      Weight: 1
      AssetPath: Assets/sounds/VFX/fx_holysymbol_banish.wav
      IsLooping: 0
      Volume: 1
      AudioGroupID: ef7b731d-30ea-4ba7-b908-dd7667970bc3
    Instances: 1
    IsLooping: 0
    IsPreloaded: 0
    PlayType: 0
    Crossfader: {fileID: 0}
    CrossfadeDuration: 0.5
  - ID: 4d03d30b-7fa9-441e-9fb3-c51deb80fbb4
    Label: fx_holysymbol_shield
    AudioMixerGroup: {fileID: 24309012, guid: 26d317f8e0cc4aa43bb86a35924586cf, type: 2}
    AudioItems:
    - Label: fx_holysymbol_shield
      AudioSource: {fileID: 0}
      Weight: 1
      AssetPath: Assets/sounds/VFX/fx_holysymbol_shield.wav
      IsLooping: 0
      Volume: 1
      AudioGroupID: 4d03d30b-7fa9-441e-9fb3-c51deb80fbb4
    Instances: 1
    IsLooping: 0
    IsPreloaded: 0
    PlayType: 0
    Crossfader: {fileID: 0}
    CrossfadeDuration: 0.5
  - ID: e490c8d5-e253-4581-a5c7-34a37bfbfa91
    Label: fx_impact_crater_l
    AudioMixerGroup: {fileID: 24309012, guid: 26d317f8e0cc4aa43bb86a35924586cf, type: 2}
    AudioItems:
    - Label: fx_impact_crater_l
      AudioSource: {fileID: 0}
      Weight: 1
      AssetPath: Assets/sounds/VFX/fx_impact_crater_l.wav
      IsLooping: 0
      Volume: 1
      AudioGroupID: e490c8d5-e253-4581-a5c7-34a37bfbfa91
    Instances: 1
    IsLooping: 0
    IsPreloaded: 0
    PlayType: 0
    Crossfader: {fileID: 0}
    CrossfadeDuration: 0.5
  - ID: 97c4885b-6d41-4b13-9098-1afa0717eb7b
    Label: fx_impact_crater_m
    AudioMixerGroup: {fileID: 24309012, guid: 26d317f8e0cc4aa43bb86a35924586cf, type: 2}
    AudioItems:
    - Label: fx_impact_crater_m
      AudioSource: {fileID: 0}
      Weight: 1
      AssetPath: Assets/sounds/VFX/fx_impact_crater_m.wav
      IsLooping: 0
      Volume: 1
      AudioGroupID: 97c4885b-6d41-4b13-9098-1afa0717eb7b
    Instances: 1
    IsLooping: 0
    IsPreloaded: 0
    PlayType: 0
    Crossfader: {fileID: 0}
    CrossfadeDuration: 0.5
  - ID: 1953cc43-ee3e-4b2d-bceb-9dc92b0752b3
    Label: fx_impact_crater_s
    AudioMixerGroup: {fileID: 24309012, guid: 26d317f8e0cc4aa43bb86a35924586cf, type: 2}
    AudioItems:
    - Label: fx_impact_crater_s
      AudioSource: {fileID: 0}
      Weight: 1
      AssetPath: Assets/sounds/VFX/fx_impact_crater_s.wav
      IsLooping: 0
      Volume: 1
      AudioGroupID: 1953cc43-ee3e-4b2d-bceb-9dc92b0752b3
    Instances: 1
    IsLooping: 0
    IsPreloaded: 0
    PlayType: 0
    Crossfader: {fileID: 0}
    CrossfadeDuration: 0.5
  - ID: ce5f2d6a-dc15-4504-a45c-a64f8ec82b6a
    Label: fx_lifegrasp
    AudioMixerGroup: {fileID: 24309012, guid: 26d317f8e0cc4aa43bb86a35924586cf, type: 2}
    AudioItems:
    - Label: fx_lifegrasp
      AudioSource: {fileID: 0}
      Weight: 1
      AssetPath: Assets/sounds/VFX/fx_lifegrasp.wav
      IsLooping: 0
      Volume: 1
      AudioGroupID: ce5f2d6a-dc15-4504-a45c-a64f8ec82b6a
    Instances: 1
    IsLooping: 0
    IsPreloaded: 0
    PlayType: 0
    Crossfader: {fileID: 0}
    CrossfadeDuration: 0.5
  - ID: 629f9e82-32e8-4625-b698-bdb0135ca7d9
    Label: fx_madnessburst
    AudioMixerGroup: {fileID: 24309012, guid: 26d317f8e0cc4aa43bb86a35924586cf, type: 2}
    AudioItems:
    - Label: fx_madnessburst
      AudioSource: {fileID: 0}
      Weight: 1
      AssetPath: Assets/sounds/VFX/fx_madnessburst.wav
      IsLooping: 0
      Volume: 1
      AudioGroupID: 629f9e82-32e8-4625-b698-bdb0135ca7d9
    Instances: 1
    IsLooping: 0
    IsPreloaded: 0
    PlayType: 0
    Crossfader: {fileID: 0}
    CrossfadeDuration: 0.5
  - ID: 7f2c0f63-6382-4d3e-a379-85ef974d7250
    Label: fx_magiccircles_blue
    AudioMixerGroup: {fileID: 24309012, guid: 26d317f8e0cc4aa43bb86a35924586cf, type: 2}
    AudioItems:
    - Label: fx_magiccircles_blue
      AudioSource: {fileID: 0}
      Weight: 1
      AssetPath: Assets/sounds/VFX/fx_magiccircles_blue.wav
      IsLooping: 0
      Volume: 1
      AudioGroupID: 7f2c0f63-6382-4d3e-a379-85ef974d7250
    Instances: 1
    IsLooping: 0
    IsPreloaded: 0
    PlayType: 0
    Crossfader: {fileID: 0}
    CrossfadeDuration: 0.5
  - ID: 1528f811-f33f-4695-ac2c-88851e19638f
    Label: fx_magiccircles_white
    AudioMixerGroup: {fileID: 24309012, guid: 26d317f8e0cc4aa43bb86a35924586cf, type: 2}
    AudioItems:
    - Label: fx_magiccircles_white
      AudioSource: {fileID: 0}
      Weight: 1
      AssetPath: Assets/sounds/VFX/fx_magiccircles_white.wav
      IsLooping: 0
      Volume: 1
      AudioGroupID: 1528f811-f33f-4695-ac2c-88851e19638f
    Instances: 1
    IsLooping: 0
    IsPreloaded: 0
    PlayType: 0
    Crossfader: {fileID: 0}
    CrossfadeDuration: 0.5
  - ID: 09708c22-f300-4aa6-8a60-ca911202773d
    Label: fx_miracle
    AudioMixerGroup: {fileID: 24309012, guid: 26d317f8e0cc4aa43bb86a35924586cf, type: 2}
    AudioItems:
    - Label: fx_miracle
      AudioSource: {fileID: 0}
      Weight: 1
      AssetPath: Assets/sounds/VFX/fx_miracle.wav
      IsLooping: 0
      Volume: 1
      AudioGroupID: 09708c22-f300-4aa6-8a60-ca911202773d
    Instances: 1
    IsLooping: 0
    IsPreloaded: 0
    PlayType: 0
    Crossfader: {fileID: 0}
    CrossfadeDuration: 0.5
  - ID: 892862e3-2b82-4d3f-b6d7-fd182d061dcc
    Label: fx_plasmaburst_blue
    AudioMixerGroup: {fileID: 24309012, guid: 26d317f8e0cc4aa43bb86a35924586cf, type: 2}
    AudioItems:
    - Label: fx_plasmaburst_blue
      AudioSource: {fileID: 0}
      Weight: 1
      AssetPath: Assets/sounds/VFX/fx_plasmaburst_blue.wav
      IsLooping: 0
      Volume: 1
      AudioGroupID: 892862e3-2b82-4d3f-b6d7-fd182d061dcc
    Instances: 1
    IsLooping: 0
    IsPreloaded: 0
    PlayType: 0
    Crossfader: {fileID: 0}
    CrossfadeDuration: 0.5
  - ID: cb0db6a6-0044-4f51-a826-0617c99b8736
    Label: fx_polymorph
    AudioMixerGroup: {fileID: 24309012, guid: 26d317f8e0cc4aa43bb86a35924586cf, type: 2}
    AudioItems:
    - Label: fx_polymorph
      AudioSource: {fileID: 0}
      Weight: 1
      AssetPath: Assets/sounds/VFX/fx_polymorph.wav
      IsLooping: 0
      Volume: 1
      AudioGroupID: cb0db6a6-0044-4f51-a826-0617c99b8736
    Instances: 1
    IsLooping: 0
    IsPreloaded: 0
    PlayType: 0
    Crossfader: {fileID: 0}
    CrossfadeDuration: 0.5
  - ID: 1bbb302a-1e54-488c-bc15-2aa1efe21995
    Label: fx_powerattack
    AudioMixerGroup: {fileID: 24322792, guid: 26d317f8e0cc4aa43bb86a35924586cf, type: 2}
    AudioItems:
    - Label: fx_powerattack
      AudioSource: {fileID: 0}
      Weight: 1
      AssetPath: assets/sounds/vfx/fx_powerattack.wav
      IsLooping: 0
      Volume: 1
      AudioGroupID: 1bbb302a-1e54-488c-bc15-2aa1efe21995
    Instances: 1
    IsLooping: 0
    IsPreloaded: 0
    PlayType: 0
    Crossfader: {fileID: 0}
    CrossfadeDuration: 0.5
  - ID: 3b8a9968-18a3-4b46-a6e9-77aadb52a0f0
    Label: fx_scrying
    AudioMixerGroup: {fileID: 24309012, guid: 26d317f8e0cc4aa43bb86a35924586cf, type: 2}
    AudioItems:
    - Label: fx_scrying
      AudioSource: {fileID: 0}
      Weight: 1
      AssetPath: Assets/sounds/VFX/fx_scrying.wav
      IsLooping: 0
      Volume: 1
      AudioGroupID: 3b8a9968-18a3-4b46-a6e9-77aadb52a0f0
    Instances: 1
    IsLooping: 0
    IsPreloaded: 0
    PlayType: 0
    Crossfader: {fileID: 0}
    CrossfadeDuration: 0.5
  - ID: 216b9191-c10e-4d3e-9e3b-af6184d27cd9
    Label: fx_shadowburst
    AudioMixerGroup: {fileID: 24309012, guid: 26d317f8e0cc4aa43bb86a35924586cf, type: 2}
    AudioItems:
    - Label: fx_shadowburst
      AudioSource: {fileID: 0}
      Weight: 1
      AssetPath: Assets/sounds/VFX/fx_shadowburst.wav
      IsLooping: 0
      Volume: 1
      AudioGroupID: 216b9191-c10e-4d3e-9e3b-af6184d27cd9
    Instances: 1
    IsLooping: 0
    IsPreloaded: 0
    PlayType: 0
    Crossfader: {fileID: 0}
    CrossfadeDuration: 0.5
  - ID: 54df601a-ade9-4829-8a4e-be47178cff4c
    Label: fx_smoke_stealth
    AudioMixerGroup: {fileID: 24309012, guid: 26d317f8e0cc4aa43bb86a35924586cf, type: 2}
    AudioItems:
    - Label: fx_trails
      AudioSource: {fileID: 0}
      Weight: 1
      AssetPath: assets/sounds/vfx/fx_trails.wav
      IsLooping: 0
      Volume: 1
      AudioGroupID: 54df601a-ade9-4829-8a4e-be47178cff4c
    Instances: 1
    IsLooping: 0
    IsPreloaded: 0
    PlayType: 0
    Crossfader: {fileID: 0}
    CrossfadeDuration: 0.5
  - ID: c6822366-cbfb-4edc-bab1-600c9a2bc28c
    Label: fx_smokefizzle_s
    AudioMixerGroup: {fileID: 24309012, guid: 26d317f8e0cc4aa43bb86a35924586cf, type: 2}
    AudioItems:
    - Label: fx_smokefizzle_s
      AudioSource: {fileID: 0}
      Weight: 1
      AssetPath: Assets/sounds/VFX/fx_smokefizzle_s.wav
      IsLooping: 0
      Volume: 1
      AudioGroupID: c6822366-cbfb-4edc-bab1-600c9a2bc28c
    Instances: 1
    IsLooping: 0
    IsPreloaded: 0
    PlayType: 0
    Crossfader: {fileID: 0}
    CrossfadeDuration: 0.5
  - ID: 60fb9e46-fd6d-4d6e-ba00-ca3134ef83a1
    Label: fx_sparkleblackattack
    AudioMixerGroup: {fileID: 24322792, guid: 26d317f8e0cc4aa43bb86a35924586cf, type: 2}
    AudioItems:
    - Label: fx_sparkleblackattack
      AudioSource: {fileID: 0}
      Weight: 1
      AssetPath: assets/sounds/vfx/fx_sparkleblackattack.wav
      IsLooping: 0
      Volume: 1
      AudioGroupID: 60fb9e46-fd6d-4d6e-ba00-ca3134ef83a1
    Instances: 1
    IsLooping: 0
    IsPreloaded: 0
    PlayType: 0
    Crossfader: {fileID: 0}
    CrossfadeDuration: 0.5
  - ID: 9a6a9e77-890f-4b40-9642-c7062372386a
    Label: fx_sparkleblackhealth
    AudioMixerGroup: {fileID: 24322792, guid: 26d317f8e0cc4aa43bb86a35924586cf, type: 2}
    AudioItems:
    - Label: fx_sparkleblackhealth
      AudioSource: {fileID: 0}
      Weight: 1
      AssetPath: assets/sounds/vfx/fx_sparkleblackhealth.wav
      IsLooping: 0
      Volume: 1
      AudioGroupID: 9a6a9e77-890f-4b40-9642-c7062372386a
    Instances: 1
    IsLooping: 0
    IsPreloaded: 0
    PlayType: 0
    Crossfader: {fileID: 0}
    CrossfadeDuration: 0.5
  - ID: 8272dffe-7c58-44e6-8c41-8accf0d55982
    Label: fx_sparkleheal_l
    AudioMixerGroup: {fileID: 24309012, guid: 26d317f8e0cc4aa43bb86a35924586cf, type: 2}
    AudioItems:
    - Label: fx_sparkleheal_l
      AudioSource: {fileID: 0}
      Weight: 1
      AssetPath: Assets/sounds/VFX/fx_sparkleheal_l.wav
      IsLooping: 0
      Volume: 1
      AudioGroupID: 8272dffe-7c58-44e6-8c41-8accf0d55982
    Instances: 1
    IsLooping: 0
    IsPreloaded: 0
    PlayType: 0
    Crossfader: {fileID: 0}
    CrossfadeDuration: 0.5
  - ID: cd7fecda-f01f-4ab7-be46-fb03ef7f7133
    Label: fx_sparkleheal_m
    AudioMixerGroup: {fileID: 24309012, guid: 26d317f8e0cc4aa43bb86a35924586cf, type: 2}
    AudioItems:
    - Label: fx_sparkleheal_m
      AudioSource: {fileID: 0}
      Weight: 1
      AssetPath: Assets/sounds/VFX/fx_sparkleheal_m.wav
      IsLooping: 0
      Volume: 1
      AudioGroupID: cd7fecda-f01f-4ab7-be46-fb03ef7f7133
    Instances: 1
    IsLooping: 0
    IsPreloaded: 0
    PlayType: 0
    Crossfader: {fileID: 0}
    CrossfadeDuration: 0.5
  - ID: 3a6f4113-48e8-417a-acb4-09ab8b84bc72
    Label: fx_sparkleheal_s
    AudioMixerGroup: {fileID: 24309012, guid: 26d317f8e0cc4aa43bb86a35924586cf, type: 2}
    AudioItems:
    - Label: fx_sparkleheal_s
      AudioSource: {fileID: 0}
      Weight: 1
      AssetPath: Assets/sounds/VFX/fx_sparkleheal_s.wav
      IsLooping: 0
      Volume: 1
      AudioGroupID: 3a6f4113-48e8-417a-acb4-09ab8b84bc72
    Instances: 1
    IsLooping: 0
    IsPreloaded: 0
    PlayType: 0
    Crossfader: {fileID: 0}
    CrossfadeDuration: 0.5
  - ID: 31451da0-eff1-41ef-9a16-c7f41e309496
    Label: fx_spikestar_gold
    AudioMixerGroup: {fileID: 24322792, guid: 26d317f8e0cc4aa43bb86a35924586cf, type: 2}
    AudioItems:
    - Label: fx_spikestar_gold
      AudioSource: {fileID: 0}
      Weight: 1
      AssetPath: assets/sounds/vfx/fx_spikestar_gold.wav
      IsLooping: 0
      Volume: 1
      AudioGroupID: 31451da0-eff1-41ef-9a16-c7f41e309496
    Instances: 1
    IsLooping: 0
    IsPreloaded: 0
    PlayType: 0
    Crossfader: {fileID: 0}
    CrossfadeDuration: 0.5
  - ID: a95dad45-e748-4e49-baff-6bb48e4f802b
    Label: fx_spikestar_green
    AudioMixerGroup: {fileID: 24322792, guid: 26d317f8e0cc4aa43bb86a35924586cf, type: 2}
    AudioItems:
    - Label: fx_spikestar_green
      AudioSource: {fileID: 0}
      Weight: 1
      AssetPath: assets/sounds/vfx/fx_spikestar_green.wav
      IsLooping: 0
      Volume: 1
      AudioGroupID: a95dad45-e748-4e49-baff-6bb48e4f802b
    Instances: 1
    IsLooping: 0
    IsPreloaded: 0
    PlayType: 0
    Crossfader: {fileID: 0}
    CrossfadeDuration: 0.5
  - ID: c1592495-b9c4-40e6-803c-5be018880f0e
    Label: fx_summonburst
    AudioMixerGroup: {fileID: 24309012, guid: 26d317f8e0cc4aa43bb86a35924586cf, type: 2}
    AudioItems:
    - Label: fx_summonburst
      AudioSource: {fileID: 0}
      Weight: 1
      AssetPath: Assets/sounds/VFX/fx_summonburst.wav
      IsLooping: 0
      Volume: 1
      AudioGroupID: c1592495-b9c4-40e6-803c-5be018880f0e
    Instances: 1
    IsLooping: 0
    IsPreloaded: 0
    PlayType: 0
    Crossfader: {fileID: 0}
    CrossfadeDuration: 0.5
  - ID: 4f6d47fb-1326-4978-804b-a68483019c9e
    Label: fx_teleport
    AudioMixerGroup: {fileID: 24309012, guid: 26d317f8e0cc4aa43bb86a35924586cf, type: 2}
    AudioItems:
    - Label: fx_teleport
      AudioSource: {fileID: 0}
      Weight: 1
      AssetPath: Assets/sounds/VFX/fx_teleport.wav
      IsLooping: 0
      Volume: 1
      AudioGroupID: 4f6d47fb-1326-4978-804b-a68483019c9e
    Instances: 1
    IsLooping: 0
    IsPreloaded: 0
    PlayType: 0
    Crossfader: {fileID: 0}
    CrossfadeDuration: 0.5
  - ID: 6ac21f7b-edb0-4bc0-99f8-fff1bed36a40
    Label: fx_trails
    AudioMixerGroup: {fileID: 24322792, guid: 26d317f8e0cc4aa43bb86a35924586cf, type: 2}
    AudioItems:
    - Label: fx_trails
      AudioSource: {fileID: 0}
      Weight: 1
      AssetPath: assets/sounds/vfx/fx_trails.wav
      IsLooping: 0
      Volume: 1
      AudioGroupID: 6ac21f7b-edb0-4bc0-99f8-fff1bed36a40
    Instances: 1
    IsLooping: 0
    IsPreloaded: 0
    PlayType: 0
    Crossfader: {fileID: 0}
    CrossfadeDuration: 0.5
  - ID: 865662c4-640a-42f1-a6ed-67474de2e1f7
    Label: fx_trails_2
    AudioMixerGroup: {fileID: 24322792, guid: 26d317f8e0cc4aa43bb86a35924586cf, type: 2}
    AudioItems:
    - Label: fx_trails_2
      AudioSource: {fileID: 0}
      Weight: 1
      AssetPath: assets/sounds/vfx/fx_trails_2.wav
      IsLooping: 0
      Volume: 1
      AudioGroupID: 865662c4-640a-42f1-a6ed-67474de2e1f7
    Instances: 1
    IsLooping: 0
    IsPreloaded: 0
    PlayType: 0
    Crossfader: {fileID: 0}
    CrossfadeDuration: 0.5
  - ID: f4ff9e03-5698-4871-85f2-fe88db0f5e97
    Label: fx_trails_3
    AudioMixerGroup: {fileID: 24322792, guid: 26d317f8e0cc4aa43bb86a35924586cf, type: 2}
    AudioItems:
    - Label: fx_trails_3
      AudioSource: {fileID: 0}
      Weight: 1
      AssetPath: assets/sounds/vfx/fx_trails_3.wav
      IsLooping: 0
      Volume: 1
      AudioGroupID: f4ff9e03-5698-4871-85f2-fe88db0f5e97
    Instances: 1
    IsLooping: 0
    IsPreloaded: 0
    PlayType: 0
    Crossfader: {fileID: 0}
    CrossfadeDuration: 0.5
  - ID: 8343819f-8f54-4059-91bc-6223bd709a0a
    Label: play_targeting
    AudioMixerGroup: {fileID: 24322792, guid: 26d317f8e0cc4aa43bb86a35924586cf, type: 2}
    AudioItems:
    - Label: play_targeting
      AudioSource: {fileID: 0}
      Weight: 1
      AssetPath: assets/sounds/ui/play_targeting.wav
      IsLooping: 0
      Volume: 1
      AudioGroupID: 8343819f-8f54-4059-91bc-6223bd709a0a
    Instances: 1
    IsLooping: 0
    IsPreloaded: 0
    PlayType: 0
    Crossfader: {fileID: 0}
    CrossfadeDuration: 0.5
  - ID: 37428e58-9978-4aa6-a7d3-c9a8664db5dc
    Label: ranking
    AudioMixerGroup: {fileID: 24322792, guid: 26d317f8e0cc4aa43bb86a35924586cf, type: 2}
    AudioItems:
    - Label: ranking
      AudioSource: {fileID: 0}
      Weight: 1
      AssetPath: assets/sounds/ui/ranking.wav
      IsLooping: 0
      Volume: 1
      AudioGroupID: 37428e58-9978-4aa6-a7d3-c9a8664db5dc
    Instances: 1
    IsLooping: 0
    IsPreloaded: 0
    PlayType: 0
    Crossfader: {fileID: 0}
    CrossfadeDuration: 0.5
  - ID: b6f44902-3fe7-40bc-8f7f-e142bd165869
    Label: time_running_out
    AudioMixerGroup: {fileID: 24322792, guid: 26d317f8e0cc4aa43bb86a35924586cf, type: 2}
    AudioItems:
    - Label: time_running_out
      AudioSource: {fileID: 0}
      Weight: 0.5
      AssetPath: assets/sounds/ui/time_running_out.wav
      IsLooping: 0
      Volume: 0.3
      AudioGroupID: b6f44902-3fe7-40bc-8f7f-e142bd165869
    Instances: 1
    IsLooping: 0
    IsPreloaded: 0
    PlayType: 0
    Crossfader: {fileID: 0}
    CrossfadeDuration: 0.5
  - ID: c3e447d8-f8b3-4535-a799-409953310af8
    Label: fx_damage_icon
    AudioMixerGroup: {fileID: 24322792, guid: 26d317f8e0cc4aa43bb86a35924586cf, type: 2}
    AudioItems:
    - Label: fx_damage_icon
      AudioSource: {fileID: 0}
      Weight: 1
      AssetPath: assets/sounds/vfx/fx_damage_icon.wav
      IsLooping: 0
      Volume: 1
      AudioGroupID: c3e447d8-f8b3-4535-a799-409953310af8
    Instances: 1
    IsLooping: 0
    IsPreloaded: 0
    PlayType: 0
    Crossfader: {fileID: 0}
    CrossfadeDuration: 0.5
  - ID: 23b9cb5b-3b51-4ac6-be11-565496b50827
    Label: Card Rarity 1
    AudioMixerGroup: {fileID: 24322792, guid: 26d317f8e0cc4aa43bb86a35924586cf, type: 2}
    AudioItems:
    - Label: treasure_coin_drop_09
      AudioSource: {fileID: 0}
      Weight: 1
      AssetPath: assets/sounds/ui/treasure_coin_drop_09.wav
      IsLooping: 0
      Volume: 1
      AudioGroupID: 23b9cb5b-3b51-4ac6-be11-565496b50827
    Instances: 1
    IsLooping: 0
    IsPreloaded: 0
    PlayType: 0
    Crossfader: {fileID: 0}
    CrossfadeDuration: 0.5
  - ID: 20f7d47d-68ac-4d41-a000-b661c89c8557
    Label: Card Rarity 2
    AudioMixerGroup: {fileID: 24322792, guid: 26d317f8e0cc4aa43bb86a35924586cf, type: 2}
    AudioItems:
    - Label: treasure_coin_drop_10
      AudioSource: {fileID: 0}
      Weight: 1
      AssetPath: assets/sounds/ui/treasure_coin_drop_10.wav
      IsLooping: 0
      Volume: 1
      AudioGroupID: 20f7d47d-68ac-4d41-a000-b661c89c8557
    Instances: 1
    IsLooping: 0
    IsPreloaded: 0
    PlayType: 1
    Crossfader: {fileID: 0}
    CrossfadeDuration: 0.5
  - ID: 3a56e8da-5c83-4232-9fe6-853b8d6f8613
    Label: Card Rarity 3
    AudioMixerGroup: {fileID: 24322792, guid: 26d317f8e0cc4aa43bb86a35924586cf, type: 2}
    AudioItems:
    - Label: treasure_coin_drop_06
      AudioSource: {fileID: 0}
      Weight: 1
      AssetPath: assets/sounds/ui/treasure_coin_drop_06.wav
      IsLooping: 0
      Volume: 1
      AudioGroupID: 3a56e8da-5c83-4232-9fe6-853b8d6f8613
    Instances: 1
    IsLooping: 0
    IsPreloaded: 0
    PlayType: 0
    Crossfader: {fileID: 0}
    CrossfadeDuration: 0.5
  - ID: 0e59df39-8a85-40b0-b0d8-d0b9991c083b
    Label: Card Rarity 4
    AudioMixerGroup: {fileID: 24322792, guid: 26d317f8e0cc4aa43bb86a35924586cf, type: 2}
    AudioItems:
    - Label: treasure_coin_movement_05
      AudioSource: {fileID: 0}
      Weight: 1
      AssetPath: assets/sounds/ui/treasure_coin_movement_05.wav
      IsLooping: 0
      Volume: 1
      AudioGroupID: 0e59df39-8a85-40b0-b0d8-d0b9991c083b
    Instances: 1
    IsLooping: 0
    IsPreloaded: 0
    PlayType: 0
    Crossfader: {fileID: 0}
    CrossfadeDuration: 0.5
  - ID: 323d0b28-8c46-4a71-925e-bef88a376530
    Label: RevealRarity
    AudioMixerGroup: {fileID: 24322792, guid: 26d317f8e0cc4aa43bb86a35924586cf, type: 2}
    AudioItems:
    - Label: dark_whoosh_06
      AudioSource: {fileID: 0}
      Weight: 1
      AssetPath: assets/sounds/ui/dark_whoosh_06.wav
      IsLooping: 0
      Volume: 1
      AudioGroupID: 323d0b28-8c46-4a71-925e-bef88a376530
    Instances: 1
    IsLooping: 0
    IsPreloaded: 0
    PlayType: 0
    Crossfader: {fileID: 0}
    CrossfadeDuration: 0.5
  - ID: a969f642-f4c2-4a9d-9033-eb0c5bfa9ab7
    Label: RevealCard
    AudioMixerGroup: {fileID: 24322792, guid: 26d317f8e0cc4aa43bb86a35924586cf, type: 2}
    AudioItems:
    - Label: dark_whoosh_15
      AudioSource: {fileID: 0}
      Weight: 1
      AssetPath: assets/sounds/ui/dark_whoosh_15.wav
      IsLooping: 0
      Volume: 1
      AudioGroupID: a969f642-f4c2-4a9d-9033-eb0c5bfa9ab7
    Instances: 1
    IsLooping: 0
    IsPreloaded: 0
    PlayType: 0
    Crossfader: {fileID: 0}
    CrossfadeDuration: 0.5
--- !u!1001 &100100000
Prefab:
  m_ObjectHideFlags: 1
  serializedVersion: 2
  m_Modification:
    m_TransformParent: {fileID: 0}
    m_Modifications:
    - target: {fileID: 0}
      propertyPath: AudioMixer
      value: 
      objectReference: {fileID: 0}
    m_RemovedComponents: []
  m_ParentPrefab: {fileID: 0}
  m_RootGameObject: {fileID: 118462}
  m_IsPrefabParent: 1
